<?xml version="1.0" encoding="UTF-8"?><collection xmlns="http://www.loc.gov/MARC21/slim"><record><leader>00644nam--2200193-i-4500</leader><controlfield tag="001">000044007</controlfield><controlfield tag="002">20161230</controlfield><controlfield tag="005">20161230201044</controlfield><controlfield tag="008">060222s1000------------r-----000-0-eng-d</controlfield><datafield ind1=" " ind2=" " tag="040"><subfield code="a">IFIN-HH</subfield></datafield><datafield ind1=" " ind2=" " tag="080"><subfield code="a">536.24</subfield></datafield><datafield ind1="1" ind2=" " tag="100"><subfield code="a">Giedt, Warren H</subfield></datafield><datafield ind1="1" ind2="0" tag="245"><subfield code="a">Proceedings of the 1964 heat transfer and fluid mechanics institute</subfield><subfield code="b">Held at university of california, berkeley, california june 10,11, 12, 1964</subfield><subfield code="c">Warren h giedt; salomon levy (eds.)</subfield></datafield><datafield ind1=" " ind2=" " tag="260"><subfield code="a">Stanford, California</subfield><subfield code="b">Stanford University Press</subfield><subfield code="c">1964</subfield></datafield><datafield ind1=" " ind2=" " tag="300"><subfield code="a">275P</subfield></datafield><datafield ind1=" " ind2=" " tag="490"><subfield code="a">Proceedings</subfield></datafield><datafield ind1="1" ind2=" " tag="700"><subfield code="a">Levy, Salomon</subfield><subfield code="e">Ed</subfield></datafield><datafield ind1=" " ind2=" " tag="852"><subfield code="a">22183</subfield><subfield code="c">536</subfield></datafield><datafield ind1=" " ind2=" " tag="CAT"><subfield code="a">Sys</subfield><subfield code="c">20110506</subfield><subfield code="h">094938</subfield></datafield></record></collection>